<?xml version="1.0" encoding="UTF-8" ?>
<collection xmlns:xsi="http://www.w3.org/2001/XMLSchema-instance" xsi:schemaLocation="http://www.loc.gov/MARC21/slim http://www.loc.gov/standards/marcxml/schema/MARC21slim.xsd" xmlns="http://www.loc.gov/MARC21/slim">
   <record>
      <leader>     cam a22      a 4500</leader>
      <controlfield tag="001">4889756</controlfield>
      <controlfield tag="003">NIC</controlfield>
      <controlfield tag="005">20140722213717.0</controlfield>
      <controlfield tag="008">900801q19001999ua            000 0 arard</controlfield>
      <datafield tag="035" ind1=" " ind2=" ">
         <subfield code="a">(OCoLC)22164999</subfield>
      </datafield>
      <datafield tag="035" ind1=" " ind2=" ">
         <subfield code="a">4889756</subfield>
      </datafield>
      <datafield tag="040" ind1=" " ind2=" ">
         <subfield code="a">NIC</subfield>
         <subfield code="c">NIC</subfield>
         <subfield code="d">NIC</subfield>
      </datafield>
      <datafield tag="050" ind1=" " ind2="4">
         <subfield code="a">BP153</subfield>
         <subfield code="b">.B36 1900</subfield>
      </datafield>
      <datafield tag="100" ind1="1" ind2=" ">
         <subfield code="a">Bājūrī, Ibrāhīm ibn Muḥammad,</subfield>
         <subfield code="d">1783 or 4-1860.</subfield>
      </datafield>
      <datafield tag="245" ind1="1" ind2="0">
         <subfield code="a">Ḥāshīyat al-Bājūrī ʻalá ibn Qāsim al-Ghazzī /</subfield>
         <subfield code="c">li-Ibrāhīm al-Bājūrī ʻalá sharḥ al-ʻallāmah ibn Qāsim al-Ghazzī ʻalá matn al-Shaykh Abī Shujāʻ fī madhhab al-Imām al-Shāfiʻī.</subfield>
      </datafield>
      <datafield tag="246" ind1="3" ind2=" ">
         <subfield code="a">Fatḥ al-qarīb al-mujīb.</subfield>
      </datafield>
      <datafield tag="246" ind1="3" ind2=" ">
         <subfield code="a">Ghāyat al-ikhtiṣār.</subfield>
      </datafield>
      <datafield tag="260" ind1=" " ind2=" ">
         <subfield code="a">Miṣr :</subfield>
         <subfield code="b">ʻĪsá al-Bābī al-Ḥalabī,</subfield>
         <subfield code="c">[19--?]</subfield>
      </datafield>
      <datafield tag="300" ind1=" " ind2=" ">
         <subfield code="a">2 v. in 1 ;</subfield>
         <subfield code="c">28 cm.</subfield>
      </datafield>
      <datafield tag="500" ind1=" " ind2=" ">
         <subfield code="a">&quot;Wa-bi-hāmishihā al-Sharḥ al-Madhkūr.&quot;</subfield>
      </datafield>
      <datafield tag="600" ind1="1" ind2="0">
         <subfield code="a">Ibn Qāsim al-Ghazzī, Muḥammad,</subfield>
         <subfield code="d">1455-1512.</subfield>
         <subfield code="t">Fatḥ al-qarīb al-mujīb.</subfield>
      </datafield>
      <datafield tag="650" ind1=" " ind2="0">
         <subfield code="a">Islamic law.</subfield>
      </datafield>
      <datafield tag="650" ind1=" " ind2="0">
         <subfield code="a">Shafiites.</subfield>
      </datafield>
      <datafield tag="700" ind1="1" ind2=" ">
         <subfield code="a">Ghazzī, Muḥammad ibn Qāsim,</subfield>
         <subfield code="d">1454 or 5-1512 or 13.</subfield>
         <subfield code="t">Fatḥ al-qarīb al-mujīb.</subfield>
      </datafield>
      <datafield tag="700" ind1="1" ind2=" ">
         <subfield code="a">Abū Shujāʻ al-Iṣfahānī, Aḥmad ibn al-Ḥusayn,</subfield>
         <subfield code="d">b. ca. 1042.</subfield>
         <subfield code="t">Ghāyat al-ikhtiṣār.</subfield>
      </datafield>
      <datafield tag="948" ind1="1" ind2=" ">
         <subfield code="a">20031029</subfield>
         <subfield code="b">o</subfield>
         <subfield code="d">ah16</subfield>
         <subfield code="e">lts</subfield>
      </datafield>
      <datafield tag="903" ind1=" " ind2=" ">
         <subfield code="a">NYUACO</subfield>
         <subfield code="d">20141028</subfield>
         <subfield code="p">31924096167253</subfield>
      </datafield>
      <datafield tag="950" ind1=" " ind2=" ">
         <subfield code="a">Oversize</subfield>
         <subfield code="b">BP153 .B36 1900 +</subfield>
         <subfield code="v"> </subfield>
      </datafield>
   </record>
</collection>
